<record><leader>00000cas a2200000 a 4500</leader><controlfield tag="001">12203058</controlfield><controlfield tag="008">850626d19131933ksuwr ne      0    0eng d</controlfield><datafield ind1=" " ind2=" " tag="010"><subfield code="a">sn 85029650 </subfield></datafield><datafield ind1=" " ind2=" " tag="040"><subfield code="a">KSH</subfield><subfield code="b">eng</subfield><subfield code="c">KSH</subfield><subfield code="d">NPT</subfield><subfield code="d">OCL</subfield><subfield code="d">OCLCQ</subfield></datafield><datafield ind1=" " ind2=" " tag="042"><subfield code="a">msc</subfield></datafield><datafield ind1="0" ind2=" " tag="130"><subfield code="a">Osage City free press (Osage City, Kan. : 1913)</subfield></datafield><datafield ind1="1" ind2="4" tag="245"><subfield code="a">The Osage City free press.</subfield></datafield><datafield ind1=" " ind2=" " tag="260"><subfield code="a">Osage City, Kan. :</subfield><subfield code="b">H.C. Sticher,</subfield><subfield code="c">1913-1933.</subfield></datafield><datafield ind1=" " ind2=" " tag="300"><subfield code="a">20 v. :</subfield><subfield code="b">ill. ;</subfield><subfield code="c">63 cm.</subfield></datafield><datafield ind1=" " ind2=" " tag="310"><subfield code="a">Weekly,</subfield><subfield code="b">Apr. 3, 1913-Feb. 23, 1933</subfield></datafield><datafield ind1=" " ind2=" " tag="321"><subfield code="a">Semiweekly,</subfield><subfield code="b">Feb. 27-Mar. 30, 1913</subfield></datafield><datafield ind1="0" ind2=" " tag="362"><subfield code="a">Vol. 43, no. 99 (Feb. 27, 1913)-63rd year, no. 43 (Feb. 23, 1933).</subfield></datafield><datafield ind1=" " ind2=" " tag="500"><subfield code="a">"Independent republican." Cf. Ayer, 1924.</subfield></datafield><datafield ind1=" " ind2=" " tag="752"><subfield code="a">United States</subfield><subfield code="b">Kansas</subfield><subfield code="c">Osage</subfield><subfield code="d">Osage City.</subfield></datafield><datafield ind1="0" ind2="0" tag="780"><subfield code="t">Free press-public opinion</subfield><subfield code="w">(DLC)sn 85029649</subfield></datafield><datafield ind1="0" ind2="5" tag="780"><subfield code="t">Osage County democrat</subfield><subfield code="g">Oct. 9, 1913</subfield><subfield code="w">(DLC)sn 85029380</subfield></datafield><datafield ind1="0" ind2="5" tag="780"><subfield code="t">Admire advocate</subfield><subfield code="g">Aug. 4, 1932</subfield><subfield code="w">(DLC)sn 85030157</subfield></datafield><datafield ind1="0" ind2="5" tag="780"><subfield code="t">Melvern messenger</subfield><subfield code="g">Aug. 4, 1932</subfield><subfield code="w">(DLC)sn 85030192</subfield></datafield><datafield ind1="0" ind2="5" tag="780"><subfield code="t">Miller magnet</subfield><subfield code="g">Aug. 4, 1932</subfield><subfield code="w">(DLC)sn 85030228</subfield></datafield><datafield ind1="0" ind2="5" tag="780"><subfield code="t">Olivet observer</subfield><subfield code="g">Aug. 4, 1932</subfield><subfield code="w">(DLC)sn 85030232</subfield></datafield><datafield ind1="0" ind2="7" tag="785"><subfield code="t">Osage County journal</subfield><subfield code="w">(DLC)sn 85029392</subfield></datafield><datafield ind1="0" ind2="7" tag="785"><subfield code="t">Journal-free press</subfield><subfield code="w">(DLC)sn 85029389</subfield></datafield></record>